%% This BibTeX bibliography file was created using BibDesk.
%% http://bibdesk.sourceforge.net/

%% Saved with string encoding Unicode (UTF-8) 

@online{boost,
  title = {Boost C++ Libraries},
  author = {Boost.org},
  date = {2015},
  note = {Dostupn{\'e} na internete: <\url{http://www.boost.org/doc}>}
}

@book{ev,
  title={Evolučné výpočty a ich využitie v praxi},
  author={Ivan Sekaj},
  isbn={9788089018871},
  year={2005},
  publisher={Iris}
}

@article{pea,
	Author = {Ivan Sekaj and Michal Oravec},
	Journal = {Umelá inteligencia a kognitívna veda III},
	Pages = {243 - 267},
	Publisher = {Nakladateľstvo STU},
	Title = {Paralelné evolučné algoritmy},
	Year = {2011}
}

@online{bash-on-win,
  title = {Bash on ubuntu on Windows},
  authon = {Microsoft},
  year = {2017},
  note = {Dostupn{\'e} na internete: <\url{https://msdn.microsoft.com/commandline/wsl/about}>}
}

@online{mpi3-1,
  title = {MPI: A Message-Passing Interface Standard},
  author = {{Message Passing Interface Forum}},
  date = {2015-06-04},
  note = {Dostupn{\'e} na internete: <\url{http://mpi-forum.org/docs/mpi-3.1/mpi31-report.pdf}>}
}

@book{mpibook,
 author = {Snir, Marc and Otto, Steve and Huss-Lederman, Steven and Walker, David and Dongarra, Jack},
 title = {MPI-The Complete Reference, Volume 1: The MPI Core},
 year = {1998},
 isbn = {0262692155},
 edition = {2nd. (Revised)},
 publisher = {MIT Press},
 address = {Cambridge, MA, USA},
} 

@online{cmake-doc,
 title={CMake: Reference Documentation},
 year={2017},
 note = {Dostupn{\'e} na internete: <\url{https://cmake.org}>}
}

@online{cmd:qsub,
   title={Commands overview},
   publisher={Adaptive Computing},
   year={2012},
   note = {Dostupn{\'e} na internete: <\url{http://docs.adaptivecomputing.com/torque/4-0-2/Content/topics/12-appendices/commandsOverview.htm}>}
%   url={http://docs.adaptive computing.com},
}

@ONLINE{hpc,
title =  {STUBA klaster - IBM iDataPlex},
note = {Dostupn{\'e} na internete: <\url{https://www.hpc.stuba.sk}>}
}

@article{olson,
  title = {"Robust dictionary attack of short simple substitution ciphers"},
  keywords = "Dictionary attack, Simple substitution ciphers",
  author = {"Edwin Olson"},
  year = {2007},
  volume = "31",
  pages = {"332--342"},
  journal = "Cryptologia",
  issn = "0161-1194",
  publisher = {"Routledge"},
  number = "4",
}

@book{kerckhoff,
  title={La cryptographie militaire, ou, Des chiffres usit{\'e}s en temps de guerre: avec un nouveau proc{\'e}d{\'e} de d{\'e}chiffrement applicable aux syst{\`e}mes {\`a} double clef},
  author={Kerckhoffs, A. and George Fabyan Collection},
  lccn={96142895},
  series={Extrait du Journal des sciences militaires},
%  url={https://books.google.sk/books?id=VbQBAAAAYAAJ},
  year={1883},
  publisher={Librairie militaire de L. Baudoin}
}

@BOOK{ks,
  author = {Otokar Grošek and Milan Vojvoda and Pavol Zajac}, 
  year={2007},
  title = {Klasické šifry},
  publisher = {Slovenská technická univerzita},
  isbn =  {978-80-227-2653-5}
}